@mics{PhysRevA.87.013405",
title = {hi}
}

@mics{PhysRevA.87.013421",
title = {hi}
}

@mics{PhysRevA.87.043405",
title = {hi}
}

@mics{PhysRevA.87.043411",
title = {hi}
}

@mics{PhysRevA.87.053411",
title = {hi}
}

@mics{PhysRevA.83.013401",
title = {hi}
}

@mics{PhysRevA.80.033409",
title = {hi}
}

@mics{PhysRevA.81.043408",
title = {hi}
}

@mics{PhysRevA.60.3125",
title = {hi}
}

@mics{Pullen:11",
title = {hi}
}

@mics{PhysRev.100.703",
title = {hi}
}

@mics{otherpapers",
title = {hi}
}

@mics{ref2",
title = {hi}
}

